<record><leader>00000cas a22000007a 4500</leader><controlfield tag="001">16152731</controlfield><controlfield tag="008">870709d19521959iauwr ne      0    0eng d</controlfield><datafield ind1=" " ind2=" " tag="010"><subfield code="a">sn 87057593 </subfield></datafield><datafield ind1=" " ind2=" " tag="040"><subfield code="a">INP</subfield><subfield code="b">eng</subfield><subfield code="c">INP</subfield><subfield code="d">OCL</subfield><subfield code="d">INP</subfield><subfield code="d">OCLCQ</subfield></datafield><datafield ind1=" " ind2=" " tag="042"><subfield code="a">msc</subfield></datafield><datafield ind1="0" ind2="4" tag="245"><subfield code="a">The Sioux County capital and de volksvriend.</subfield></datafield><datafield ind1="3" ind2="0" tag="246"><subfield code="a">Sioux County capital</subfield></datafield><datafield ind1=" " ind2=" " tag="260"><subfield code="a">Orange City, Sioux County, Iowa :</subfield><subfield code="b">P.R. Carney,</subfield><subfield code="c">1952-1959.</subfield></datafield><datafield ind1=" " ind2=" " tag="300"><subfield code="a">9 v.</subfield></datafield><datafield ind1=" " ind2=" " tag="310"><subfield code="a">Weekly</subfield></datafield><datafield ind1="0" ind2=" " tag="362"><subfield code="a">Vol. 16, no. 6 (Jan. 3, 1952)-24th year, no. 29 (July 2, 1959).</subfield></datafield><datafield ind1=" " ind2=" " tag="500"><subfield code="a">Published as: Sioux County capital, June 25, 1959.</subfield></datafield><datafield ind1=" " ind2=" " tag="500"><subfield code="a">Includes section called: De volksvriend, &lt;Apr. 8, 1954-Oct. 1955&gt;.</subfield></datafield><datafield ind1=" " ind2=" " tag="546"><subfield code="a">In Dutch.</subfield></datafield><datafield ind1=" " ind2=" " tag="752"><subfield code="a">United States</subfield><subfield code="b">Iowa</subfield><subfield code="c">Sioux</subfield><subfield code="d">Orange City.</subfield></datafield><datafield ind1="0" ind2="4" tag="780"><subfield code="t">Sioux County capital (Orange City, Iowa : 1935)</subfield><subfield code="w">(DLC)sn 87057592</subfield></datafield><datafield ind1="0" ind2="4" tag="780"><subfield code="t">Volksvriend</subfield><subfield code="w">(DLC)sn 82014078</subfield></datafield><datafield ind1="0" ind2="0" tag="785"><subfield code="t">Sioux County capital (Orange City, Iowa : 1959)</subfield><subfield code="w">(DLC)sn 87057594</subfield></datafield><datafield ind1="1" ind2=" " tag="787"><subfield code="t">De volksvriend</subfield></datafield></record>